@unpublished{wu2001method,
  title={Wu W. A method of vehicle classification using models and neural networks / W. Wu, Z. QiSen, W. Mingjun --- Vehicular Technology Conference --- 2001}
}

@unpublished{wang2014vehicle,
  title={Wang, H. A vehicle detection algorithm based on deep belief network / H. Wang, Y. Cai, L. Chen --- The scientific world journal --- 2014}
}

@unpublished{brehar2010pillars,
  title={Brehar, R. Pillars detection for side viewed vehicles / R. Brehar, S. Nedevschi, L. D{\u{a}}ian --- Intelligent Computer Communication and Processing (ICCP) --- 2010}
}

@unpublished{zhao2003car,
  title={Zhao, T. Car detection in low resolution aerial images / T. Zhao, R. Nevatia --- Image and Vision Computing --- 2003}
}

@unpublished{jang2011car,
  title={Jang, D. Car-Rec: A real time car recognition system / D. Jang, M. Turk --- Workshop on applications of computer vision (WACV) --- 2011}
}

@unpublished{bay2008speeded,
  title={Bay, H. Speeded-up robust features (SURF) / H. Bay, A. Ess, T. Tuytelaars, L. Van Gool --- Computer vision and image understanding --- 2008}
}

@unpublished{sermanet2012convolutional,
  title={Sermanet, P. Convolutional neural networks applied to house numbers digit classification / P. Sermanet, S. Chintala, Y. LeCun --- International Conference on Pattern Recognition (ICPR) --- 2012}
}

@unpublished{sermanet2009eblearn,
  title={Sermanet, P. Eblearn: Open-source energy-based learning in c++ / P. Sermanet, K. Kavukcuoglu, Y. LeCun --- 21st International Conference on Tools with Artificial Intelligence, ICTAI'09 --- 2009}
}

@unpublished{krizhevsky2012imagenet,
  title={Krizhevsky, A. Imagenet classification with deep convolutional neural networks / A. Krizhevsky, I. Sutskever, G. Hinton --- Advances in neural information processing systems --- 2012}
}

@unpublished{srivastava2014dropout,
  title={Srivastava, N. Dropout: A simple way to prevent neural networks from overfitting / N. Srivastava, G. Hinton, A. Krizhevsky, I. Sutskever, R. Salakhutdinov --- The Journal of Machine Learning Research --- 2014}
}

@unpublished{dahl2013improving,
  title={Dahl, G. E. Improving deep neural networks for LVCSR using rectified linear units and dropout / G. E. Dahl, T. N. Sainath, G. E. Hinton --- International Conference on Acoustics, Speech and Signal Processing (ICASSP) --- 2013}
}

@unpublished{szegedy2014going,
  title={Szegedy, C. Going deeper with convolutions / C. Szegedy, W. Liu, Y. Jia, P. Sermanet, S. Reed, D. Anguelov, D. Erhan, V. Vanhoucke, A. Rabinovich --- arXiv preprint arXiv:1409.4842 --- 2014}
}

@unpublished{ngiam2010tiled,
  title={Ngiam, J. Tiled convolutional neural networks / J. Ngiam, Z. Chen, D. Chia, P. Koh, Q. Le, A. Ng --- Advances in Neural Information Processing Systems --- 2010}
}

@unpublished{lecun2012efficient,
  title={LeCun, Y. A. Efficient backprop / Y. A. LeCun, L. Bottou, G. B. Orr, K. R. M{\"u}ller --- Neural networks: Tricks of the trade --- 2012}
}

@unpublished{raina2009large,
  title={Raina, R. Large-scale deep unsupervised learning using graphics processors / R. Raina, A. Madhavan, N. Y. Andrew --- Proceedings of the 26th annual international conference on machine learning ---2009}
}

@unpublished{reyes2015fine,
  title={Reyes, A. K. Fine-tuning deep convolutional networks for plant recognition / A. K. Reyes, J. C. Caicedo, J. E. Camargo --- Working notes of CLEF 2015 conference --- 2015}
}

@unpublished{ILSVRC,
  title = {Image Large Scale Visual Recognition Challenge [Электронный ресурс]. --- Режим доступа: \url{http://www.image-net.org/challenges/LSVRC/}}
}

@unpublished{krizhevsky2009learning,
title = {Krizhevsky, A. Learning multiple layers of features from tiny images / A. Krizhevsky, H. Krizhevsky, Geoffrey --- 2009}
}
