@article{farabet2013learning,
  title={Learning hierarchical features for scene labeling},
  author={Farabet, Clement and Couprie, Camille and Najman, Laurent and LeCun, Yann},
  journal={Pattern Analysis and Machine Intelligence, IEEE Transactions on},
  volume={35},
  number={8},
  pages={1915--1929},
  year={2013},
  publisher={IEEE}
}

@article{quinlan1990decision,
  title={Decision trees and decision-making},
  author={Quinlan, J Ross},
  journal={Systems, Man and Cybernetics, IEEE Transactions on},
  volume={20},
  number={2},
  pages={339--346},
  year={1990},
  publisher={IEEE}
}

@article{breiman2001random,
  title={Random forests},
  author={Breiman, Leo},
  journal={Machine learning},
  volume={45},
  number={1},
  pages={5--32},
  year={2001},
  publisher={Springer}
}

@techreport{niculescu2005empirical,
  title={An Empirical Comparison of Supervised Learning Algorithms Using Different Performance Metrics},
  author={Niculescu-Mizil, Alex and Caruana, Rich},
  year={2005},
  institution={Cornell University}
}

@inproceedings{bosch2007image,
  title={Image classification using random forests and ferns},
  author={Bosch, Anna and Zisserman, Andrew and Munoz, Xavier},
  booktitle={Computer Vision, 2007. ICCV 2007. IEEE 11th International Conference on},
  pages={1--8},
  year={2007},
  organization={IEEE}
}

@article{wu2008top,
  title={Top 10 algorithms in data mining},
  author={Wu, Xindong and Kumar, Vipin and Quinlan, J Ross and Ghosh, Joydeep and Yang, Qiang and Motoda, Hiroshi and McLachlan, Geoffrey J and Ng, Angus and Liu, Bing and Philip, S Yu and others},
  journal={Knowledge and Information Systems},
  volume={14},
  number={1},
  pages={1--37},
  year={2008},
  publisher={Springer}
}

@article{fisher1936use,
  title={The use of multiple measurements in taxonomic problems},
  author={Fisher, Ronald A},
  journal={Annals of eugenics},
  volume={7},
  number={2},
  pages={179--188},
  year={1936},
  publisher={Wiley Online Library}
}

@article{lecuncomparison,
  title={COMPARISON OF LEARNING ALGORITHMS FOR HANDWRITTEN DIGIT RECOGNITION},
  author={LeCun, Y and Jackel, L and Bottou, L and Brunot, A and Cortes, C}
}

@misc{lecun1998mnist,
  title={The MNIST database of handwritten digits},
  author={LeCun, Yann and Cortes, Corinna and Burges, Christopher JC},
  year={1998}
}

@article{chauvin1989advances,
  title={Advances in neural information processing systems 2},
  author={Chauvin, Y and Touretzky, DS},
  journal={chapter Dynamic behavior of constrained back propagation networks},
  pages={642--649},
  year={1989}
}

@inproceedings{reyes2015fine,
	title={Fine-tuning deep convolutional networks for plant recognition},
	author={Reyes, Angie K and Caicedo, Juan C and Camargo, Jorge E},
	booktitle={Working notes of CLEF 2015 conference},
	year={2015}
}